@phdthesis{Madhavapeddy:thesis,
author = {Anil Madhavapeddy Venkata Sesha},
title = {Creating High-Performance Statically Type-Safe Network Applications},
month = apr, year = 2006,
school = {University of Cambridge}}

@phdthesis{Mandelbaum:thesis,
author = {Yitzhak H. Mandelbaum},
title = {The Theory and Practice of Data Description},
month = sep, year = 2006,
school = {Princeton University}}


